[gd_scene load_steps=16 format=2]

[ext_resource path="res://game/widgets/widget_card.gd" type="Script" id=1]
[ext_resource path="res://external_resources/icons/card-node.png" type="Texture" id=2]
[ext_resource path="res://game/assets/widgets/card/default/card-background-fighter.png" type="Texture" id=3]
[ext_resource path="res://game/assets/widgets/card/default/card-picture-placeholder.png" type="Texture" id=4]
[ext_resource path="res://game/assets/widgets/card/default/card-cost-default.png" type="Texture" id=5]
[ext_resource path="res://game/assets/widgets/card/default/card-name-default.png" type="Texture" id=6]
[ext_resource path="res://game/assets/widgets/card/default/card-type-default.png" type="Texture" id=7]
[ext_resource path="res://game/assets/widgets/card/default/card-desc-default.png" type="Texture" id=8]

[sub_resource type="DynamicFontData" id=6]
font_path = "res://external_resources/Rajdhani-Bold.ttf"

[sub_resource type="DynamicFont" id=1]
size = 64
use_filter = true
font_data = SubResource( 6 )

[sub_resource type="DynamicFont" id=2]
size = 32
use_filter = true
font_data = SubResource( 6 )

[sub_resource type="DynamicFontData" id=7]
font_path = "res://external_resources/Rajdhani-SemiBold.ttf"

[sub_resource type="DynamicFont" id=3]
size = 20
use_filter = true
font_data = SubResource( 7 )

[sub_resource type="DynamicFont" id=4]
size = 28
use_filter = true
font_data = SubResource( 6 )

[sub_resource type="DynamicFont" id=5]
size = 28
use_filter = true
font_data = SubResource( 7 )

[node name="custom_card" type="Node2D"]
script = ExtResource( 1 )
__meta__ = {
"_editor_icon": ExtResource( 2 )
}
default_size = Vector2( 400, 576 )
animation_speed = 0.6

[node name="img_background" type="Sprite" parent="."]
texture = ExtResource( 3 )

[node name="img_picture" type="Sprite" parent="."]
position = Vector2( 0, -140 )
texture = ExtResource( 4 )

[node name="img_cost" type="Sprite" parent="."]
position = Vector2( -200, -288 )
texture = ExtResource( 5 )

[node name="lbl_cost" type="Label" parent="img_cost"]
margin_left = -13.0
margin_top = -20.0
margin_right = 8.0
margin_bottom = 44.0
custom_fonts/font = SubResource( 1 )
custom_colors/font_color = Color( 1, 1, 1, 1 )
custom_colors/font_color_shadow = Color( 0, 0, 0, 1 )
custom_constants/shadow_as_outline = 1
text = "1"
align = 1
valign = 1

[node name="img_name" type="Sprite" parent="."]
texture = ExtResource( 6 )

[node name="lbl_name" type="Label" parent="img_name"]
margin_left = -141.0
margin_top = -23.0
margin_right = 141.0
margin_bottom = 23.0
custom_fonts/font = SubResource( 2 )
custom_colors/font_color = Color( 1, 1, 1, 1 )
custom_colors/font_color_shadow = Color( 0, 0, 0, 1 )
custom_constants/shadow_as_outline = 1
text = "Name placeholder"
align = 1
valign = 1

[node name="img_type" type="Sprite" parent="."]
position = Vector2( 0, -240 )
texture = ExtResource( 7 )

[node name="lbl_type" type="Label" parent="img_type"]
anchor_left = 0.5
anchor_top = 0.5
anchor_right = 0.5
anchor_bottom = 0.5
margin_left = -133.0
margin_top = -44.0
margin_right = -33.0
margin_bottom = -24.0
custom_fonts/font = SubResource( 3 )
custom_colors/font_color = Color( 0, 0, 0, 1 )
text = "Attack"
align = 1
valign = 1

[node name="img_desc" type="Sprite" parent="."]
position = Vector2( 0, 144 )
texture = ExtResource( 8 )

[node name="lbl_desc" type="RichTextLabel" parent="img_desc"]
margin_left = -130.0
margin_top = -84.0
margin_right = 130.0
margin_bottom = 84.0
custom_fonts/bold_font = SubResource( 4 )
custom_fonts/normal_font = SubResource( 5 )
custom_colors/default_color = Color( 0, 0, 0, 1 )
bbcode_enabled = true
bbcode_text = "[center]Placeholder text
[b]Placeholder text[/b][/center]
"
text = "Placeholder text
Placeholder text
"
scroll_active = false

[node name="mouse_area" type="Control" parent="."]
margin_left = -200.0
margin_top = -288.0
margin_right = 200.0
margin_bottom = 288.0
